@article{Mangano:2020icy,
    author = "Mangano, Michelangelo",
    archivePrefix = "arXiv",
    eprint = "2003.05976",
    month = "3",
    primaryClass = "hep-ph",
    reportNumber = "CERN-TH-2020-030",
    title = "{LHC at 10: the physics legacy}",
    year = "2020"
}

@article{Gao:2017yyd,
    author = "Gao, Jun and Harland-Lang, Lucian and Rojo, Juan",
    archivePrefix = "arXiv",
    doi = "10.1016/j.physrep.2018.03.002",
    eprint = "1709.04922",
    journal = "Phys.\ Rept.",
    pages = "1--121",
    primaryClass = "hep-ph",
    title = "{The Structure of the Proton in the LHC Precision Era}",
    volume = "742",
    year = "2018"
}

@inproceedings{Amoroso:2020lgh,
    author = "Amoroso, S. and others",
    archivePrefix = "arXiv",
    booktitle = "{11th Les Houches Workshop on Physics at TeV Colliders}: {PhysTeV Les Houches}",
    eprint = "2003.01700",
    month = "3",
    primaryClass = "hep-ph",
    title = "{Les Houches 2019: Physics at TeV Colliders: Standard Model Working Group Report}",
    year = "2020"
}

@article{Alwall:2014hca,
    author = "Alwall, J. and Frederix, R. and Frixione, S. and Hirschi, V. and Maltoni, F. and Mattelaer, O. and Shao, H. -S. and Stelzer, T. and Torrielli, P. and Zaro, M.",
    archivePrefix = "arXiv",
    doi = "10.1007/JHEP07(2014)079",
    eprint = "1405.0301",
    journal = "JHEP",
    pages = "079",
    primaryClass = "hep-ph",
    reportNumber = "CERN-PH-TH-2014-064, CP3-14-18, LPN14-066, MCNET-14-09, ZU-TH-14-14",
    title = "{The automated computation of tree-level and next-to-leading order differential cross sections, and their matching to parton shower simulations}",
    volume = "07",
    year = "2014"
}

@article{Frederix:2018nkq,
    author = "Frederix, R. and Frixione, S. and Hirschi, V. and Pagani, D. and Shao, H.-S. and Zaro, M.",
    archivePrefix = "arXiv",
    doi = "10.1007/JHEP07(2018)185",
    eprint = "1804.10017",
    journal = "JHEP",
    pages = "185",
    primaryClass = "hep-ph",
    reportNumber = "Nikhef/2018-015, TUM-HEP-1138/18, NIKHEF-2018-015, TUM-HEP-1138-18",
    title = "{The automation of next-to-leading order electroweak calculations}",
    volume = "07",
    year = "2018"
}

@article{Ball:2017nwa,
    author = "Ball, Richard D. and others",
    archivePrefix = "arXiv",
    collaboration = "NNPDF",
    doi = "10.1140/epjc/s10052-017-5199-5",
    eprint = "1706.00428",
    journal = "Eur.\ Phys.\ J.\ C",
    number = "10",
    pages = "663",
    primaryClass = "hep-ph",
    reportNumber = "CAVENDISH-HEP-17-06, CERN-TH-2017-077, EDINBURGH-2017-08, NIKHEF-2017-006, OUTP-17-04P, TIF-UNIMI-2017-3",
    title = "{Parton distributions from high-precision collider data}",
    volume = "77",
    year = "2017"
}

@article{Hou:2019efy,
    author = "Hou, Tie-Jiun and others",
    archivePrefix = "arXiv",
    eprint = "1912.10053",
    month = "12",
    primaryClass = "hep-ph",
    reportNumber = "MSUHEP-19-025, PITT-PACC-1911, SMU-HEP-19-03",
    title = "{New CTEQ global analysis of quantum chromodynamics with high-precision data from the LHC}",
    year = "2019"
}

@article{Harland-Lang:2014zoa,
    author = "Harland-Lang, L.A. and Martin, A.D. and Motylinski, P. and Thorne, R.S.",
    archivePrefix = "arXiv",
    doi = "10.1140/epjc/s10052-015-3397-6",
    eprint = "1412.3989",
    journal = "Eur.\ Phys.\ J.\ C",
    number = "5",
    pages = "204",
    primaryClass = "hep-ph",
    reportNumber = "LCTS-2014-47, IPPP-14-97, DCPT-14-194",
    title = "{Parton distributions in the LHC era: MMHT 2014 PDFs}",
    volume = "75",
    year = "2015"
}

@article{AbdulKhalek:2019bux,
    author = "Abdul Khalek, Rabah and others",
    archivePrefix = "arXiv",
    collaboration = "NNPDF",
    doi = "10.1140/epjc/s10052-019-7364-5",
    eprint = "1905.04311",
    journal = "Eur.\ Phys.\ J.",
    pages = "79:838",
    primaryClass = "hep-ph",
    reportNumber = "CAVENDISH-HEP-19-07, DAMTP-2019-20, Edinburgh 2019/07, Nikhef
  2019-013, TIF-UNIMI-2019-4",
    title = "{A first determination of parton distributions with theoretical uncertainties}",
    volume = "C",
    year = "2019"
}

@article{AbdulKhalek:2019ihb,
    author = "Abdul Khalek, Rabah and others",
    archivePrefix = "arXiv",
    collaboration = "NNPDF",
    doi = "10.1140/epjc/s10052-019-7401-4",
    eprint = "1906.10698",
    journal = "Eur.\ Phys.\ J.\ C",
    number = "11",
    pages = "931",
    primaryClass = "hep-ph",
    reportNumber = "Edinburgh 2019/9, Nikhef/2019-014, TIF-UNIMI-2019-9 DAMTP-2019-24,
  CAVENDISH-HEP-19-11",
    title = "{Parton Distributions with Theory Uncertainties: General Formalism and First Phenomenological Studies}",
    volume = "79",
    year = "2019"
}

@article{Bertone:2017bme,
    author = "Bertone, Valerio and Carrazza, Stefano and Hartland, Nathan P. and Rojo, Juan",
    archivePrefix = "arXiv",
    collaboration = "NNPDF",
    doi = "10.21468/SciPostPhys.5.1.008",
    eprint = "1712.07053",
    journal = "SciPost Phys.",
    number = "1",
    pages = "008",
    primaryClass = "hep-ph",
    reportNumber = "Nikhef/2017-064, CERN-TH-2017-235, NIKHEF-2017-064",
    title = "{Illuminating the photon content of the proton within a global PDF analysis}",
    volume = "5",
    year = "2018"
}

@article{Biedermann:2017yoi,
    author = "Biedermann, Benedikt and Br√§uer, Stephan and Denner, Ansgar and Pellen, Mathieu and Schumann, Steffen and Thompson, Jennifer M.",
    archivePrefix = "arXiv",
    doi = "10.1140/epjc/s10052-017-5054-8",
    eprint = "1704.05783",
    journal = "Eur.\ Phys.\ J.\ C",
    pages = "492",
    primaryClass = "hep-ph",
    title = "{Automation of NLO QCD and EW corrections with Sherpa and Recola}",
    volume = "77",
    year = "2017"
}

@article{Carli:2010rw,
    author = "Carli, Tancredi and Clements, Dan and Cooper-Sarkar, Amanda and Gwenlan, Claire and Salam, Gavin P. and Siegert, Frank and Starovoitov, Pavel and Sutton, Mark",
    archivePrefix = "arXiv",
    doi = "10.1140/epjc/s10052-010-1255-0",
    eprint = "0911.2985",
    journal = "Eur.\ Phys.\ J.\ C",
    pages = "503--524",
    primaryClass = "hep-ph",
    title = "{A posteriori inclusion of parton density functions in NLO QCD final-state calculations at hadron colliders: The APPLGRID Project}",
    volume = "66",
    year = "2010"
}

@inproceedings{Kluge:2006xs,
    author = "Kluge, T. and Rabbertz, K. and Wobisch, M.",
    archivePrefix = "arXiv",
    booktitle = "{Deep inelastic scattering. Proceedings, 14th International Workshop, DIS 2006, Tsukuba, Japan, April 20-24, 2006}",
    doi = "10.1142/9789812706706\_0110",
    eprint = "hep-ph/0609285",
    month = "9",
    pages = "483--486",
    reportNumber = "DESY-06-186, FERMILAB-CONF-06-352-E",
    title = "{FastNLO: Fast pQCD calculations for PDF fits}",
    year = "2006"
}

@article{Buckley:2011ms,
    author = "Buckley, Andy and others",
    archivePrefix = "arXiv",
    doi = "10.1016/j.physrep.2011.03.005",
    eprint = "1101.2599",
    journal = "Phys.\ Rept.",
    pages = "145--233",
    primaryClass = "hep-ph",
    reportNumber = "CAVENDISH-HEP-10-21, CERN-PH-TH-2010-298, DCPT-10-202, IPPP-10-101, KA-TP-40-2010, LU-TP-10-28, MAN-HEP-2010-23, SLAC-PUB-14333, HD-THEP-10-24, MCNET-11-01",
    title = "{General-purpose event generators for LHC physics}",
    volume = "504",
    year = "2011"
}

@article{Bertone:2014zva,
    author = "Bertone, Valerio and Frederix, Rikkert and Frixione, Stefano and Rojo, Juan and Sutton, Mark",
    archivePrefix = "arXiv",
    doi = "10.1007/JHEP08(2014)166",
    eprint = "1406.7693",
    journal = "JHEP",
    pages = "166",
    primaryClass = "hep-ph",
    reportNumber = "CERN-PH-TH-2014-009, OUTP-14-10P",
    title = "{aMCfast: automation of fast NLO computations for PDF fits}",
    volume = "08",
    year = "2014"
}

@article{Wobisch:2011ij,
      author         = "Wobisch, M. and Britzger, D. and Kluge, T. and Rabbertz,
                        K. and Stober, F.",
      title          = "{Theory-Data Comparisons for Jet Measurements in
                        Hadron-Induced Processes}",
      collaboration  = "fastNLO",
      year           = "2011",
      eprint         = "1109.1310",
      archivePrefix  = "arXiv",
      primaryClass   = "hep-ph",
      reportNumber   = "DESY-11-150, FERMILAB-PUB-11-418-PPD",
      SLACcitation   = "%%CITATION = ARXIV:1109.1310;%%"
}

@inproceedings{Britzger:2012bs,
      author         = "Britzger, Daniel and Rabbertz, Klaus and Stober, Fred and
                        Wobisch, Markus",
      title          = "{New features in version 2 of the fastNLO project}",
      booktitle      = "{Proceedings, 20th International Workshop on
                        Deep-Inelastic Scattering and Related Subjects (DIS 2012):
                        Bonn, Germany, March 26-30, 2012}",
      collaboration  = "fastNLO",
      year           = "2012",
      pages          = "217-221",
      doi            = "10.3204/DESY-PROC-2012-02/165",
      eprint         = "1208.3641",
      archivePrefix  = "arXiv",
      primaryClass   = "hep-ph",
      SLACcitation   = "%%CITATION = ARXIV:1208.3641;%%"
}

@article{Frederix:2011ss,
      author         = "Frederix, Rikkert and Frixione, Stefano and Hirschi,
                        Valentin and Maltoni, Fabio and Pittau, Roberto and
                        Torrielli, Paolo",
      title          = "{Four-lepton production at hadron colliders: aMC@NLO
                        predictions with theoretical uncertainties}",
      journal        = "JHEP",
      volume         = "02",
      year           = "2012",
      pages          = "099",
      doi            = "10.1007/JHEP02(2012)099",
      eprint         = "1110.4738",
      archivePrefix  = "arXiv",
      primaryClass   = "hep-ph",
      reportNumber   = "CERN-PH-TH-2011-250, CP3-11-32, ZU-TH-19-11,
                        NSF-KITP-11-115",
      SLACcitation   = "%%CITATION = ARXIV:1110.4738;%%"
}

@article{Bellm:2015jjp,
    author = "Bellm, Johannes and others",
    archivePrefix = "arXiv",
    doi = "10.1140/epjc/s10052-016-4018-8",
    eprint = "1512.01178",
    journal = "Eur.\ Phys.\ J.\ C",
    number = "4",
    pages = "196",
    primaryClass = "hep-ph",
    reportNumber = "CERN-PH-TH-2015-289, MAN-HEP-2015-15, IFJPAN-IV-2015-13, KA-TP-18-2015, DCPT-15-142, MCNET-15-28, IPPP-15-71, HERWIG-2015-01",
    title = "{Herwig 7.0/Herwig++ 3.0 release note}",
    volume = "76",
    year = "2016"
}

@article{Gleisberg:2008ta,
    author = "Gleisberg, T. and Hoeche, Stefan. and Krauss, F. and Schonherr, M. and Schumann, S. and Siegert, F. and Winter, J.",
    archivePrefix = "arXiv",
    doi = "10.1088/1126-6708/2009/02/007",
    eprint = "0811.4622",
    journal = "JHEP",
    pages = "007",
    primaryClass = "hep-ph",
    reportNumber = "FERMILAB-PUB-08-477-T, SLAC-PUB-13420, ZU-TH-17-08, DCPT-08-138, IPPP-08-69, EDINBURGH-2008-30, MCNET-08-14",
    title = "{Event generation with SHERPA 1.1}",
    volume = "02",
    year = "2009"
}

@article{Harland-Lang:2019pla,
    author = "Harland-Lang, L.A. and Martin, A.D. and Nathvani, R. and Thorne, R.S.",
    archivePrefix = "arXiv",
    doi = "10.1140/epjc/s10052-019-7296-0",
    eprint = "1907.02750",
    journal = "Eur.\ Phys.\ J.\ C",
    number = "10",
    pages = "811",
    primaryClass = "hep-ph",
    title = "{Ad Lucem: QED Parton Distribution Functions in the MMHT Framework}",
    volume = "79",
    year = "2019"
}

@article{Schmidt:2015zda,
    author = "Schmidt, Carl and Pumplin, Jon and Stump, Daniel and Yuan, C.P.",
    archivePrefix = "arXiv",
    doi = "10.1103/PhysRevD.93.114015",
    eprint = "1509.02905",
    journal = "Phys.\ Rev.\ D",
    number = "11",
    pages = "114015",
    primaryClass = "hep-ph",
    title = "{CT14QED parton distribution functions from isolated photon production in deep inelastic scattering}",
    volume = "93",
    year = "2016"
}

@article{Denner:2000jv,
    author = "Denner, Ansgar and Pozzorini, Stefano",
    archivePrefix = "arXiv",
    doi = "10.1007/s100520100551",
    eprint = "hep-ph/0010201",
    journal = "Eur.\ Phys.\ J.\ C",
    pages = "461--480",
    reportNumber = "PSI-PR-00-15, ZU-TH-17-00",
    title = "{One loop leading logarithms in electroweak radiative corrections. 1. Results}",
    volume = "18",
    year = "2001"
}

@article{Denner:2001gw,
    author = "Denner, Ansgar and Pozzorini, Stefano",
    archivePrefix = "arXiv",
    doi = "10.1007/s100520100721",
    eprint = "hep-ph/0104127",
    journal = "Eur.\ Phys.\ J.\ C",
    pages = "63--79",
    reportNumber = "PSI-PR-01-06, ZU-TH-13-01",
    title = "{One loop leading logarithms in electroweak radiative corrections. 2. Factorization of collinear singularities}",
    volume = "21",
    year = "2001"
}

@article{DelDebbio:2013kxa,
    author = "Del Debbio, Luigi and Hartland, Nathan P. and Schumann, Steffen",
    archivePrefix = "arXiv",
    doi = "10.1016/j.cpc.2014.03.023",
    eprint = "1312.4460",
    journal = "Comput.\ Phys.\ Commun.",
    pages = "2115--2126",
    primaryClass = "hep-ph",
    reportNumber = "MCNET-13-21, EDINBURGH-2013-36",
    title = "{MCgrid: projecting cross section calculations on grids}",
    volume = "185",
    year = "2014"
}

@article{Bothmann:2015dba,
    author = "Bothmann, Enrico and Hartland, Nathan and Schumann, Steffen",
    doi = "10.1016/j.cpc.2015.07.002",
    journal = "Comput.\ Phys.\ Commun.",
    pages = "617--618",
    title = "{Introducing MCgrid 2.0: Projecting cross section calculations on grids}",
    volume = "196",
    year = "2015"
}

@article{Aad:2013iua,
    author = "Aad, Georges and others",
    archivePrefix = "arXiv",
    collaboration = "ATLAS",
    doi = "10.1016/j.physletb.2013.07.049",
    eprint = "1305.4192",
    journal = "Phys.\ Lett.\ B",
    pages = "223--242",
    primaryClass = "hep-ex",
    reportNumber = "CERN-PH-EP-2013-064",
    title = "{Measurement of the high-mass Drell--Yan differential cross-section in pp collisions at sqrt(s)=7 TeV with the ATLAS detector}",
    volume = "725",
    year = "2013"
}

@article{Aad:2015mbv,
    author = "Aad, Georges and others",
    archivePrefix = "arXiv",
    collaboration = "ATLAS",
    doi = "10.1140/epjc/s10052-016-4366-4",
    eprint = "1511.04716",
    journal = "Eur.\ Phys.\ J.\ C",
    number = "10",
    pages = "538",
    primaryClass = "hep-ex",
    reportNumber = "CERN-PH-EP-2015-239",
    title = "{Measurements of top-quark pair differential cross-sections in the lepton+jets channel in $pp$ collisions at $\sqrt{s}=8$ TeV using the ATLAS detector}",
    volume = "76",
    year = "2016"
}

@article{Chatrchyan:2013tia,
    author = "Chatrchyan, Serguei and others",
    archivePrefix = "arXiv",
    collaboration = "CMS",
    doi = "10.1007/JHEP12(2013)030",
    eprint = "1310.7291",
    journal = "JHEP",
    pages = "030",
    primaryClass = "hep-ex",
    reportNumber = "CMS-SMP-13-003, CERN-PH-EP-2013-168",
    title = "{Measurement of the Differential and Double-Differential Drell-Yan Cross Sections in Proton-Proton Collisions at $\sqrt{s} =$ 7 TeV}",
    volume = "12",
    year = "2013"
}

@article{Sirunyan:2019bzr,
    author = "Sirunyan, Albert M and others",
    archivePrefix = "arXiv",
    collaboration = "CMS",
    doi = "10.1007/JHEP12(2019)061",
    eprint = "1909.04133",
    journal = "JHEP",
    pages = "061",
    primaryClass = "hep-ex",
    reportNumber = "CMS-SMP-17-010, CERN-EP-2019-175",
    title = "{Measurements of differential Z boson production cross sections in proton-proton collisions at $ \sqrt{s} $ = 13 TeV}",
    volume = "12",
    year = "2019"
}

@article{Aad:2016zzw,
    author = "Aad, Georges and others",
    archivePrefix = "arXiv",
    collaboration = "ATLAS",
    doi = "10.1007/JHEP08(2016)009",
    eprint = "1606.01736",
    journal = "JHEP",
    pages = "009",
    primaryClass = "hep-ex",
    reportNumber = "CERN-EP-2016-079",
    title = "{Measurement of the double-differential high-mass Drell-Yan cross section in pp collisions at $ \sqrt{s}=8 $ TeV with the ATLAS detector}",
    volume = "08",
    year = "2016"
}

@article{Aaboud:2017ffb,
    author = "Aaboud, M. and others",
    archivePrefix = "arXiv",
    collaboration = "ATLAS",
    doi = "10.1007/JHEP12(2017)059",
    eprint = "1710.05167",
    journal = "JHEP",
    pages = "059",
    primaryClass = "hep-ex",
    reportNumber = "CERN-EP-2017-152",
    title = "{Measurement of the Drell-Yan triple-differential cross section in $pp$ collisions at $\sqrt{s} = 8$ TeV}",
    volume = "12",
    year = "2017"
}

